@techreport{question_1,
	author      = {Prof. K. J. Nixon},
	title       = {Weekly Questions : 2017},
	institution = {Wits, School of Electrical and Information Engineering},
	year		= {April 19, 2017}
}

@misc{bussdict,
	author = {BusinessDictionary.com. WebFinance},
	title = {{software license}},
	howpublished = "\url{http://www.businessdictionary.com/definition/software-license.html}",
	year = {2017}, 
	note = "[Online; accessed 30-April-2017]"
}

@misc{GPL,
	author = {Open Source Initiative},
	title = {{GNU General Public License Versions}},
	howpublished = "\url{https://opensource.org/licenses/gpl-license}",
	year = {2017}, 
	note = "[Online; accessed 30-April-2017]"
}

@misc{LGPL,
	author = {Open Source Initiative},
	title = {{GNU Lesser General Public License Versions}},
	howpublished = "\url{https://opensource.org/licenses/lgpl-license}",
	year = {2017}, 
	note = "[Online; accessed 30-April-2017]"
}

@misc{MIT,
	author = {Open Source Initiative},
	title = {{The MIT License}},
	howpublished = "\url{https://opensource.org/licenses/MIT}",
	year = {2017}, 
	note = "[Online; accessed 30-April-2017]"
}

@misc{BSD,
	author = {The Linux Information Project},
	title = {{BSD License Definition}},
	howpublished = "\url{http://www.linfo.org/bsdlicense.html}",
	year = {2017}, 
	note = "[Online; accessed 30-April-2017]"
}

@misc{Apache,
	author = {The Apache Software Foundation},
	title = {{Apache Licensing of Distribution}},
	howpublished = "\url{http://www.apache.org/licenses/}",
	year = {2017}, 
	note = "[Online; accessed 30-April-2017]"
}

@book{DDD,
	author = {Eric Evans},
	title = {Domain-Driven Design - Tackling Complexity in the Heart of Software},
	year = {June 2011},
	publisher ={},
	address = {}
}

@book{UMLDistilled,
	author = {Martin Fowler},
	title = {UML Distilled},
	date = {February 2009},
}

@book{UserStories,
	author = {Mike Cohn},
	title = {User Stories Applied for Agile Software Development},
	date = {February 2009},
}

@book{TDD,
	author = {Kent Beck},
	title = {Test-Driven Development By Example},
	institution	= {Three Rivers Institute},
	date = {July 2002},
}
